
@article{ris_latency,
  author = {{Fabio Saggese; Victor Croisfelt; Francesca Costanzo; Junya Shiraishi; Radoslaw Kotaba; Paolo Di Lorenzo}},
  title = {{Control Aspects for Using RIS in Latency-Constrained Mobile Edge Computing}},
  year = {2023},
  url = {https://ieeexplore.ieee.org/document/10477033},
  publisher = {IEEE}
}

@article{mec,
  author = {{Hao Xie, Graduate Student Member, IEEE, Dong Li, Senior Member, IEEE, Bowen Gu, Graduate Student
Member}},
  title = {{Exploring Hybrid Active-Passive RIS-Aided MEC Systems: From the Mode-Switching Perspective}},
  year = {2024},
  url = {https://arxiv.org/pdf/2212.08298#:~:text=seek%20other%20effective%20solutions%20to,cs.IT%5D%2021%20Mar%202024},
  publisher = {arXiv}
}